<record><leader>00000cas a22000007a 4500</leader><controlfield tag="001">10208555</controlfield><controlfield tag="008">831210d18721902njuwr ne      0    0eng d</controlfield><datafield ind1=" " ind2=" " tag="010"><subfield code="a">sn 83032197 </subfield></datafield><datafield ind1=" " ind2=" " tag="040"><subfield code="a">NPU</subfield><subfield code="b">eng</subfield><subfield code="c">NPU</subfield><subfield code="d">NPX</subfield><subfield code="d">NPA</subfield><subfield code="d">NJW</subfield><subfield code="d">MGN</subfield><subfield code="d">OCLCQ</subfield></datafield><datafield ind1=" " ind2=" " tag="042"><subfield code="a">msc</subfield></datafield><datafield ind1="0" ind2="0" tag="245"><subfield code="a">Bergen County herald.</subfield></datafield><datafield ind1=" " ind2=" " tag="260"><subfield code="a">Carlstadt, N.J. :</subfield><subfield code="b">Henry Gerecke</subfield></datafield><datafield ind1=" " ind2=" " tag="300"><subfield code="a">v. ;</subfield><subfield code="c">41 cm.</subfield></datafield><datafield ind1=" " ind2=" " tag="310"><subfield code="a">Weekly,</subfield><subfield code="b">&lt;1873&gt;-1902</subfield></datafield><datafield ind1=" " ind2=" " tag="321"><subfield code="a">Biweekly,</subfield><subfield code="b">&lt;1872&gt;</subfield></datafield><datafield ind1="1" ind2=" " tag="362"><subfield code="a">Began in Mar. 1872; ceased Oct. 8, 1902.</subfield></datafield><datafield ind1=" " ind2=" " tag="500"><subfield code="a">Published simultaneously at East Rutherford, N.J., 1872-1873; published at Rutherford, N.J., 1873-1897; at Hackensack, N.J., 1897-1902.</subfield></datafield><datafield ind1=" " ind2=" " tag="500"><subfield code="a">Issue for Aug. 6, 1874 gives as places of publication Rutherford Park, Carlstadt and Hackensack, N.J.</subfield></datafield><datafield ind1=" " ind2=" " tag="500"><subfield code="a">Publishers: Henry Gerecke, 1872-&lt;1873&gt;; Henry Gerecke &amp; William P. Meany, &lt;1873&gt;; Henry Kipp, &lt;1874&gt;; Haywood &amp; Bookstaver, 1875-1876; John Haywood, 1876-&lt;1882&gt;.</subfield></datafield><datafield ind1=" " ind2=" " tag="500"><subfield code="a">Editors: Henry Gerecke, 1872-&lt;1873&gt;; Henry Kipp, &lt;1874&gt;; James N. Bookstaver, 1875-1876; John Haywood, 1876-&lt;1882&gt;.</subfield></datafield><datafield ind1=" " ind2=" " tag="580"><subfield code="a">Daily ed.: Bergen County daily herald (non-extant?).</subfield></datafield><datafield ind1=" " ind2=" " tag="580"><subfield code="a">Absorbed: New Jersey radical (non-extant?).</subfield></datafield><datafield ind1=" " ind2=" " tag="588"><subfield code="a">Description based on: Jan. 8, 1873.</subfield></datafield><datafield ind1=" " ind2=" " tag="752"><subfield code="a">United States</subfield><subfield code="b">New Jersey</subfield><subfield code="c">Bergen</subfield><subfield code="d">Carlstadt.</subfield></datafield><datafield ind1=" " ind2=" " tag="752"><subfield code="a">United States</subfield><subfield code="b">New Jersey</subfield><subfield code="c">Bergen</subfield><subfield code="d">East Rutherford.</subfield></datafield><datafield ind1=" " ind2=" " tag="752"><subfield code="a">United States</subfield><subfield code="b">New Jersey</subfield><subfield code="c">Bergen</subfield><subfield code="d">Rutherford.</subfield></datafield><datafield ind1=" " ind2=" " tag="752"><subfield code="a">United States</subfield><subfield code="b">New Jersey</subfield><subfield code="c">Bergen</subfield><subfield code="d">Rutherford Park.</subfield></datafield><datafield ind1=" " ind2=" " tag="752"><subfield code="a">United States</subfield><subfield code="b">New Jersey</subfield><subfield code="c">Bergen</subfield><subfield code="d">Hackensack.</subfield></datafield><datafield ind1="1" ind2=" " tag="775"><subfield code="t">Bergen County daily herald</subfield></datafield><datafield ind1="1" ind2="5" tag="780"><subfield code="t">New Jersey radical</subfield></datafield><datafield ind1="0" ind2="7" tag="785"><subfield code="t">Evening record (Hackensack, N.J. : 1895)</subfield><subfield code="w">(DLC)sn 85035984</subfield><subfield code="w">(OCoLC)12829856</subfield></datafield><datafield ind1="0" ind2="7" tag="785"><subfield code="t">Evening record, and Bergen County herald (1902)</subfield><subfield code="w">(DLC)sn 85035985</subfield><subfield code="w">(OCoLC)12829880</subfield></datafield></record>